<?xml version="1.0" encoding="UTF-8"?><collection xmlns="http://www.loc.gov/MARC21/slim"><record><leader>00552nam--2200181-u-4500</leader><controlfield tag="001">000053903</controlfield><controlfield tag="002">20161230</controlfield><controlfield tag="005">20161230201051</controlfield><controlfield tag="008">110630s1000------------r-----000-0-eng-d</controlfield><datafield ind1=" " ind2=" " tag="040"><subfield code="a">IFIN-HH</subfield></datafield><datafield ind1=" " ind2=" " tag="080"><subfield code="a">537.6/8(061.3)</subfield></datafield><datafield ind1="1" ind2=" " tag="100"><subfield code="a">Winterbottom, Y</subfield></datafield><datafield ind1="1" ind2=" " tag="245"><subfield code="a">Magnet technology</subfield><subfield code="b">The fourth international conference on magnet technology, brookhaven, 1972</subfield><subfield code="c">Y. winterbottom (ed.)</subfield></datafield><datafield ind1=" " ind2=" " tag="260"><subfield code="a">Brookhaven</subfield><subfield code="b">Brookhaven National Laboratory</subfield><subfield code="c">1972</subfield></datafield><datafield ind1=" " ind2=" " tag="300"><subfield code="a">816P</subfield></datafield><datafield ind1=" " ind2=" " tag="490"><subfield code="a">Proceedings</subfield></datafield><datafield ind1=" " ind2=" " tag="852"><subfield code="a">78936</subfield><subfield code="c">537:538</subfield></datafield><datafield ind1=" " ind2=" " tag="CAT"><subfield code="a">Sys</subfield><subfield code="c">20110630</subfield><subfield code="h">151344</subfield></datafield></record></collection>